<record><leader>00000cas a22000007a 4500</leader><controlfield tag="001">25761141</controlfield><controlfield tag="008">920505d189u1uuuxxudn ne      0    0eng d</controlfield><datafield ind1=" " ind2=" " tag="010"><subfield code="a">sn 92056722 </subfield></datafield><datafield ind1=" " ind2=" " tag="040"><subfield code="a">MGN</subfield><subfield code="b">eng</subfield><subfield code="c">MGN</subfield><subfield code="d">OCLCQ</subfield><subfield code="d">OCLCO</subfield></datafield><datafield ind1="1" ind2=" " tag="029"><subfield code="a">AU@</subfield><subfield code="b">000025902086</subfield></datafield><datafield ind1=" " ind2=" " tag="042"><subfield code="a">msc</subfield></datafield><datafield ind1="0" ind2="0" tag="245"><subfield code="a">Atlantic daily.</subfield></datafield><datafield ind1=" " ind2=" " tag="260"><subfield code="a">[United States :</subfield><subfield code="b">J. Harry Hartley]</subfield></datafield><datafield ind1=" " ind2=" " tag="300"><subfield code="a">v.</subfield></datafield><datafield ind1=" " ind2=" " tag="310"><subfield code="a">Daily (during voyages)</subfield></datafield><datafield ind1=" " ind2=" " tag="500"><subfield code="a">"Printed every morning on board the Steamship 'Servia'"</subfield></datafield><datafield ind1=" " ind2=" " tag="500"><subfield code="a">Published a morning and afternoon ed. on July 6, 1896 with no issue on July 7 due to disembarkation.</subfield></datafield><datafield ind1=" " ind2=" " tag="550"><subfield code="a">Published for the Ancient and Honorable Artillery Company", &lt;June 30-July 6 and July 24-30, 1896&gt;.</subfield></datafield><datafield ind1=" " ind2=" " tag="588"><subfield code="a">Description based on: Vol. 2 (June 30, 1896).</subfield></datafield><datafield ind1="2" ind2=" " tag="710"><subfield code="a">Servia (Steamship)</subfield></datafield><datafield ind1="2" ind2=" " tag="710"><subfield code="a">Ancient and Honorable Artillery Company of Massachusetts.</subfield></datafield><datafield ind1=" " ind2=" " tag="752"><subfield code="a">United States.</subfield></datafield></record>